@inproceedings{Har2011,
    author = {Harabor, Daniel and Grastien, Alban},
    title = {Online Graph Pruning for Pathfinding on Grid Maps},
    booktitle = {Proceedings of the 25th National Conference on Artificial Intelligence},
    year = {2011}
}

@inproceedings{Har2010,
        author = {D. Harabor and A. Botea},
        title = {Breaking Path Symmetries in 4-connected Grid Maps},
        booktitle = {Proceedings of the AI and Interactive Digital Entertainment Conference AIIDE-10},
        year = {2010},
        pages = {33--38}
}
